@book{Oke2017,
  doi       = {10.1017/9781139016476},
  url       = {https://doi.org/10.1017/9781139016476},
  year      = {2017},
  publisher = {Cambridge University Press},
  author    = {T. R. Oke and G. Mills and A. Christen and J. A. Voogt},
  title     = {Urban Climates}
}

@article{Hundsdorfer1995,
  title={A positive finite-difference advection scheme},
  url={https://doi.org/10.1006/jcph.1995.1042},
  author={Hundsdorfer, Willem and Koren, Barry and Verwer, JG and others},
  journal={Journal of computational physics},
  volume={117},
  number={1},
  pages={35--46},
  year={1995},
  publisher={Elsevier}
}

@article{Resler2017,
  doi       = {10.5194/gmd-10-3635-2017},
  url       = {https://doi.org/10.5194/gmd-10-3635-2017},
  year      = {2017},
  month     = oct,
  publisher = {Copernicus {GmbH}},
  volume    = {10},
  number    = {10},
  pages     = {3635--3659},
  author    = {Jaroslav Resler and Pavel Kr{\v{c}} and Michal Belda and Pavel Juru{\v{s}} and Nina Bene{\v{s}}ov{\'{a}} and Jan Lopata and Ond{\v{r}}ej Vl{\v{c}}ek and Da{\v{s}}a Dama{\v{s}}kov{\'{a}} and Kry{\v{s}}tof Eben and P{\v{r}}emysl Derbek and Bj\"{o}rn Maronga and Farah Kanani-S\"{u}hring},
  title     = {{PALM}-{USM} v1.0: A new urban surface model integrated into the {PALM} large-eddy simulation model},
  journal   = {Geoscientific Model Development}
}

@article{Maronga2020,
  doi       = {10.5194/gmd-13-1335-2020},
  url       = {https://doi.org/10.5194/gmd-13-1335-2020},
  year      = {2020},
  month     = mar,
  publisher = {Copernicus {GmbH}},
  volume    = {13},
  number    = {3},
  pages     = {1335--1372},
  author    = {Bj\"{o}rn Maronga and Sabine Banzhaf and Cornelia Burmeister and Thomas Esch and Renate Forkel and Dominik Fr\"{o}hlich and Vladimir Fuka and Katrin Frieda Gehrke and Jan Geleti{\v{c}} and Sebastian Giersch and Tobias Gronemeier and G\"{u}nter Gro{\ss} and Wieke Heldens and Antti Hellsten and Fabian Hoffmann and Atsushi Inagaki and Eckhard Kadasch and Farah Kanani-S\"{u}hring and Klaus Ketelsen and Basit Ali Khan and Christoph Knigge and Helge Knoop and Pavel Kr{\v{c}} and Mona Kurppa and Halim Maamari and Andreas Matzarakis and Matthias Mauder and Matthias Pallasch and Dirk Pavlik and Jens Pfafferott and Jaroslav Resler and Sascha Rissmann and Emmanuele Russo and Mohamed Salim and Michael Schrempf and Johannes Schwenkel and Gunther Seckmeyer and Sebastian Schubert and Matthias S\"{u}hring and Robert von Tils and Lukas Vollmer and Simon Ward and Bj\"{o}rn Witha and Hauke Wurps and Julian Zeidler and Siegfried Raasch},
  title     = {Overview of the {PALM} model system 6.0},
  journal   = {Geoscientific Model Development}
}

@article{Weller1998,
  doi       = {10.1063/1.168744},
  url       = {https://doi.org/10.1063/1.168744},
  year      = {1998},
  publisher = {{AIP} Publishing},
  volume    = {12},
  number    = {6},
  pages     = {620},
  author    = {H. G. Weller and G. Tabor and H. Jasak and C. Fureby},
  title     = {A tensorial approach to computational continuum mechanics using object-oriented techniques},
  journal   = {Computers in Physics}
}

@article{Heus2010,
  doi       = {10.5194/gmd-3-415-2010},
  url       = {https://doi.org/10.5194/gmd-3-415-2010},
  year      = {2010},
  month     = sep,
  publisher = {Copernicus {GmbH}},
  volume    = {3},
  number    = {2},
  pages     = {415--444},
  author    = {T. Heus and C. C. {van Heerwaarden} and H. J. J. Jonker and A. Pier Siebesma and S. Axelsen and K. {van den Dries} and O. Geoffroy and A. F. Moene and D. Pino and S. R. {de Roode} and J. Vil{\`{a}}-Guerau {de Arellano}},
  title     = {Formulation of the Dutch Atmospheric Large-Eddy Simulation ({DALES}) and overview of its applications},
  journal   = {Geoscientific Model Development}
}

@article{Tomas2015,
  doi       = {10.1016/j.atmosenv.2015.05.016},
  url       = {https://doi.org/10.1016/j.atmosenv.2015.05.016},
  year      = {2015},
  month     = jul,
  publisher = {Elsevier {BV}},
  volume    = {113},
  pages     = {236--246},
  author    = {J.M. Tomas and M.J.B.M. Pourquie and H.J.J. Jonker},
  title     = {The influence of an obstacle on flow and pollutant dispersion in neutral and stable boundary layers},
  journal   = {Atmospheric Environment}
}

@article{Sutzl2021,
  doi={10.1007/s10546-020-00567-0},
  url={https://doi.org/10.1007/s10546-020-00567-0},
  title={Drag Distribution in Idealized Heterogeneous Urban Environments},
  author={S{\"u}tzl, Birgit S. and Rooney, Gabriel G. and {van Reeuwijk}, Maarten},
  journal={Boundary-Layer Meteorology},
  volume={178},
  number={2},
  pages={225--248},
  year={2021},
  publisher={Springer}
}

@article{Pourquie2009,
  doi       = {10.1615/intjmultcompeng.v7.i6.30},
  url       = {https://doi.org/10.1615/intjmultcompeng.v7.i6.30},
  year      = {2009},
  publisher = {Begell House},
  volume    = {7},
  number    = {6},
  pages     = {509--522},
  author    = {M. Pourquie and W. P. Breugem and Bendiks Jan Boersma},
  title     = {Some Issues Related to the Use of Immersed Boundary Methods to Represent Square Obstacles},
  journal   = {International Journal for Multiscale Computational Engineering}
}

@article{Uno1995,
  doi       = {10.1007/bf00709241},
  url       = {https://doi.org/10.1007/bf00709241},
  year      = {1995},
  month     = dec,
  publisher = {Springer Science and Business Media {LLC}},
  volume    = {76},
  number    = {4},
  pages     = {395--409},
  author    = {I. Uno and X.-M. Cai and D. G. Steyn and S. Emori},
  title     = {A simple extension of the Louis method for rough surface layer modelling},
  journal   = {Boundary-Layer Meteorology}
}

@article{Cai2012,
  doi       = {10.1016/j.atmosenv.2012.01.010},
  url       = {https://doi.org/10.1016/j.atmosenv.2012.01.010},
  year      = {2012},
  month     = may,
  publisher = {Elsevier {BV}},
  volume    = {51},
  pages     = {268--277},
  author    = {Xiao-Ming Cai},
  title     = {Effects of differential wall heating in street canyons on dispersion and ventilation characteristics of a passive scalar},
  journal   = {Atmospheric Environment}
}

@article{Cai2011,
  doi       = {10.1007/s10546-011-9681-6},
  url       = {https://doi.org/10.1007/s10546-011-9681-6},
  year      = {2011},
  month     = dec,
  publisher = {Springer Science and Business Media {LLC}},
  volume    = {142},
  number    = {3},
  pages     = {443--467},
  author    = {Xiao-Ming Cai},
  title     = {Effects of Wall Heating on Flow Characteristics in a Street Canyon},
  journal   = {Boundary-Layer Meteorology}
}

@article{Suter2018,
  doi       = {10.25560/78715},
  url       = {http://spiral.imperial.ac.uk/handle/10044/1/78715},
  author    = {Suter,  Ivo},
  title     = {Simulating the impact of blue-green infrastructure on the microclimate of urban areas},
  publisher = {Imperial College London},
  school    = {Imperial College London},
  note      = {PhD thesis},
  year      = {2018},
  copyright = {Creative Commons Attribution NonCommercial NoDerivatives Licence}
}

@article{Aoyagi2011,
  doi       = {10.1007/s10546-011-9679-0},
  url       = {https://doi.org/10.1007/s10546-011-9679-0},
  year      = {2011},
  month     = dec,
  publisher = {Springer Science and Business Media {LLC}},
  volume    = {142},
  number    = {2},
  pages     = {305--328},
  author    = {Toshinori Aoyagi and Shunji Takahashi},
  title     = {Development of an Urban Multilayer Radiation Scheme and Its Application to the Urban Surface Warming Potential},
  journal   = {Boundary-Layer Meteorology}
}

@article{Resler2017,
  doi       = {10.5194/gmd-10-3635-2017},
  url       = {https://doi.org/10.5194/gmd-10-3635-2017},
  year      = {2017},
  month     = oct,
  publisher = {Copernicus {GmbH}},
  volume    = {10},
  number    = {10},
  pages     = {3635--3659},
  author    = {Jaroslav Resler and Pavel Kr{\v{c}} and Michal Belda and Pavel Juru{\v{s}} and Nina Bene{\v{s}}ov{\'{a}} and Jan Lopata and Ond{\v{r}}ej Vl{\v{c}}ek and Da{\v{s}}a Dama{\v{s}}kov{\'{a}} and Kry{\v{s}}tof Eben and P{\v{r}}emysl Derbek and Bj\"{o}rn Maronga and Farah Kanani-S\"{u}hring},
  title     = {{PALM}-{USM} v1.0: A new urban surface model integrated into the {PALM} large-eddy simulation model},
  journal   = {Geoscientific Model Development}
}

@article{RammohanRao1996,
  doi       = {10.1016/0017-9310(95)00203-0},
  url       = {https://doi.org/10.1016/0017-9310(95)00203-0},
  year      = {1996},
  month     = apr,
  publisher = {Elsevier {BV}},
  volume    = {39},
  number    = {6},
  pages     = {1281--1286},
  author    = {V. {Rammohan Rao} and V.M.K. Sastri},
  title     = {Efficient evaluation of diffuse view factors for radiation},
  journal   = {International Journal of Heat and Mass Transfer}
}

@article{Riechert2019,
  doi       = {10.21105/joss.01468},
  url       = {https://doi.org/10.21105/joss.01468},
  year      = {2019},
  month     = sep,
  publisher = {The Open Journal},
  volume    = {4},
  number    = {41},
  pages     = {1468},
  author    = {M. Riechert and D. Meyer},
  title     = {{WRF}-{CMake}: integrating {CMake} support into the Advanced Research {WRF} ({ARW}) modelling system},
  journal   = {Journal of Open Source Software}
}

@article{Kurtzer2017,
  doi       = {10.1371/journal.pone.0177459},
  url       = {https://doi.org/10.1371/journal.pone.0177459},
  year      = {2017},
  month     = may,
  publisher = {Public Library of Science ({PLoS})},
  volume    = {12},
  number    = {5},
  pages     = {e0177459},
  author    = {Gregory M. Kurtzer and Vanessa Sochat and Michael W. Bauer},
  editor    = {Attila Gursoy},
  title     = {Singularity: Scientific containers for mobility of compute},
  journal   = {{PLOS} {ONE}}
}

@article{Meyer2020,
  doi       = {10.1029/2019ms001961},
  url       = {https://doi.org/10.1029/2019ms001961},
  year      = {2020},
  month     = aug,
  publisher = {American Geophysical Union ({AGU})},
  volume    = {12},
  number    = {8},
  author    = {D. Meyer and R. Schoetter and M. Riechert and A. Verrelle and M. Tewari and J. Dudhia and V. Masson and M. {van Reeuwijk} and S. Grimmond},
  title     = {{WRF}-{TEB}: Implementation and Evaluation of the Coupled Weather Research and Forecasting ({WRF}) and Town Energy Balance ({TEB}) Model},
  journal   = {Journal of Advances in Modeling Earth Systems}
}

@article{Meyer2019,
  doi       = {10.21105/joss.01137},
  url       = {https://doi.org/10.21105/joss.01137},
  year      = {2019},
  month     = jan,
  publisher = {The Open Journal},
  volume    = {4},
  number    = {33},
  pages     = {1137},
  author    = {D. Meyer and D. Thevenard},
  title     = {{PsychroLib}: a library of psychrometric functions to calculate thermodynamic properties of air},
  journal   = {Journal of Open Source Software}
}

@article{Grylls2019,
  doi       = {10.1016/j.aeaoa.2019.100041},
  url       = {https://doi.org/10.1016/j.aeaoa.2019.100041},
  year      = {2019},
  month     = jul,
  publisher = {Elsevier {BV}},
  volume    = {3},
  pages     = {100041},
  author    = {Tom Grylls and Cl{\'{e}}mence M.A. Le Cornec and Pietro Salizzoni and Lionel Soulhac and Marc E.J. Stettler and Maarten {van Reeuwijk}},
  title     = {Evaluation of an operational air quality model using large-eddy simulation},
  journal   = {Atmospheric Environment: X}
}

@unpublished{Suter2021,
  year      = {2021},
  publisher = {Copernicus {GmbH}},
  author    = {Ivo Suter and Tom Grylls and Birgit S. S\"{u}tzl and Maarten {van Reeuwijk}},
  title     = {{uDALES} 1.0.0: a large-eddy-simulation model for urban environments},
  journal   = {Geoscientific Model Development},
  type      = {in preparation}
}

@article{Grylls2020,
  author    = {Grylls, Tom},
  title     = {Simulating air pollution in the urban microclimate},
  publisher = {Imperial College London},
  year      = {2020},
  note      = {(under embargo)},
  type      = {PhD thesis},
  school    = {Imperial College London},
  copyright = {Creative Commons Attribution NonCommercial NoDerivatives Licence}
}

@article{Grylls2020b,
  doi={10.1007/s10546-020-00508-x},
  url={https://doi.org/10.1007/s10546-020-00508-x},
  title={Steady-state large-eddy simulations of convective and stable urban boundary layers},
  author={Grylls, Tom and Suter, Ivo and {van Reeuwijk}, Maarten},
  journal={Boundary-Layer Meteorology},
  volume={175},
  number={3},
  pages={309--341},
  year={2020},
  publisher={Springer}
}

@article{Grylls2021,
  title = {Tree model with drag, transpiration, shading and deposition: Identification of cooling regimes and large-eddy simulation},
  journal = {Agricultural and Forest Meteorology},
  volume = {298-299},
  pages = {108288},
  year = {2021},
  issn = {0168-1923},
  doi = {10.1016/j.agrformet.2020.108288},
  url = {https://doi.org/10.1016/j.agrformet.2020.108288},
  author = {Tom Grylls and Maarten {van Reeuwijk}}
}

@article{Sutzl2021thesis,
  author    = {S{\"u}tzl, Birgit S.},
  title     = {Rising from the ground: Distributed drag parameterization of urban environments for numerical weather prediction},
  publisher = {Imperial College London},
  year      = {2021},
  note      = {(under embargo)},
  type      = {PhD thesis},
  school    = {Imperial College London},
  copyright = {Creative Commons Attribution Licence}
}
